%YAML 1.1
%TAG !u! tag:unity3d.com,2011:
--- !u!1 &5260240326897228764
GameObject:
  m_ObjectHideFlags: 0
  m_CorrespondingSourceObject: {fileID: 0}
  m_PrefabInstance: {fileID: 0}
  m_PrefabAsset: {fileID: 0}
  serializedVersion: 6
  m_Component:
  - component: {fileID: 5525071723813056146}
  - component: {fileID: 8656821882045737793}
  - component: {fileID: 5069305069538669344}
  m_Layer: 0
  m_Name: Banana
  m_TagString: Food
  m_Icon: {fileID: 0}
  m_NavMeshLayer: 0
  m_StaticEditorFlags: 0
  m_IsActive: 1
--- !u!4 &5525071723813056146
Transform:
  m_ObjectHideFlags: 0
  m_CorrespondingSourceObject: {fileID: 0}
  m_PrefabInstance: {fileID: 0}
  m_PrefabAsset: {fileID: 0}
  m_GameObject: {fileID: 5260240326897228764}
  m_LocalRotation: {x: 0, y: 0, z: 0, w: 1}
  m_LocalPosition: {x: 0, y: 0, z: 0}
  m_LocalScale: {x: 1, y: 1, z: 1}
  m_Children:
  - {fileID: 6724599835633609998}
  m_Father: {fileID: 0}
  m_RootOrder: 0
  m_LocalEulerAnglesHint: {x: 0, y: 0, z: 0}
--- !u!114 &8656821882045737793
MonoBehaviour:
  m_ObjectHideFlags: 0
  m_CorrespondingSourceObject: {fileID: 0}
  m_PrefabInstance: {fileID: 0}
  m_PrefabAsset: {fileID: 0}
  m_GameObject: {fileID: 5260240326897228764}
  m_Enabled: 1
  m_EditorHideFlags: 0
  m_Script: {fileID: 11500000, guid: 259eb9699874e1649a1a95707c254d34, type: 3}
  m_Name: 
  m_EditorClassIdentifier: 
  spawnChance: 0.245
  hungerAmount: 1
  carbonAmount: 1
  rotateSpeed: 30
  FoodTag: Banana
--- !u!54 &5069305069538669344
Rigidbody:
  m_ObjectHideFlags: 0
  m_CorrespondingSourceObject: {fileID: 0}
  m_PrefabInstance: {fileID: 0}
  m_PrefabAsset: {fileID: 0}
  m_GameObject: {fileID: 5260240326897228764}
  serializedVersion: 2
  m_Mass: 1
  m_Drag: 0
  m_AngularDrag: 0.05
  m_UseGravity: 0
  m_IsKinematic: 1
  m_Interpolate: 0
  m_Constraints: 0
  m_CollisionDetection: 0
--- !u!65 &7113591724591429342
BoxCollider:
  m_ObjectHideFlags: 0
  m_CorrespondingSourceObject: {fileID: 0}
  m_PrefabInstance: {fileID: 0}
  m_PrefabAsset: {fileID: 0}
  m_GameObject: {fileID: 7712918165361106717}
  m_Material: {fileID: 0}
  m_IsTrigger: 0
  m_Enabled: 1
  serializedVersion: 2
  m_Size: {x: 5.5916243, y: 2.172728, z: 8.82437}
  m_Center: {x: 1.695769, y: 2.4098326e-14, z: -0.007400036}
--- !u!1001 &1740684285277292052
PrefabInstance:
  m_ObjectHideFlags: 0
  serializedVersion: 2
  m_Modification:
    m_TransformParent: {fileID: 5525071723813056146}
    m_Modifications:
    - target: {fileID: -927199367670048503, guid: 13eea3e585fb1aa4f9940e44f7d10228,
        type: 3}
      propertyPath: m_Name
      value: BananaObject
      objectReference: {fileID: 0}
    - target: {fileID: -927199367670048503, guid: 13eea3e585fb1aa4f9940e44f7d10228,
        type: 3}
      propertyPath: m_TagString
      value: Food
      objectReference: {fileID: 0}
    - target: {fileID: -4216859302048453862, guid: 13eea3e585fb1aa4f9940e44f7d10228,
        type: 3}
      propertyPath: m_LocalPosition.x
      value: 0.153
      objectReference: {fileID: 0}
    - target: {fileID: -4216859302048453862, guid: 13eea3e585fb1aa4f9940e44f7d10228,
        type: 3}
      propertyPath: m_LocalPosition.y
      value: 0.224
      objectReference: {fileID: 0}
    - target: {fileID: -4216859302048453862, guid: 13eea3e585fb1aa4f9940e44f7d10228,
        type: 3}
      propertyPath: m_LocalPosition.z
      value: 0
      objectReference: {fileID: 0}
    - target: {fileID: -4216859302048453862, guid: 13eea3e585fb1aa4f9940e44f7d10228,
        type: 3}
      propertyPath: m_LocalRotation.x
      value: 0.50000006
      objectReference: {fileID: 0}
    - target: {fileID: -4216859302048453862, guid: 13eea3e585fb1aa4f9940e44f7d10228,
        type: 3}
      propertyPath: m_LocalRotation.y
      value: 0.5
      objectReference: {fileID: 0}
    - target: {fileID: -4216859302048453862, guid: 13eea3e585fb1aa4f9940e44f7d10228,
        type: 3}
      propertyPath: m_LocalRotation.z
      value: -0.49999994
      objectReference: {fileID: 0}
    - target: {fileID: -4216859302048453862, guid: 13eea3e585fb1aa4f9940e44f7d10228,
        type: 3}
      propertyPath: m_LocalRotation.w
      value: -0.5
      objectReference: {fileID: 0}
    - target: {fileID: -4216859302048453862, guid: 13eea3e585fb1aa4f9940e44f7d10228,
        type: 3}
      propertyPath: m_RootOrder
      value: 0
      objectReference: {fileID: 0}
    - target: {fileID: -4216859302048453862, guid: 13eea3e585fb1aa4f9940e44f7d10228,
        type: 3}
      propertyPath: m_LocalEulerAnglesHint.x
      value: 0
      objectReference: {fileID: 0}
    - target: {fileID: -4216859302048453862, guid: 13eea3e585fb1aa4f9940e44f7d10228,
        type: 3}
      propertyPath: m_LocalEulerAnglesHint.y
      value: 0
      objectReference: {fileID: 0}
    - target: {fileID: -4216859302048453862, guid: 13eea3e585fb1aa4f9940e44f7d10228,
        type: 3}
      propertyPath: m_LocalEulerAnglesHint.z
      value: 0
      objectReference: {fileID: 0}
    - target: {fileID: -4216859302048453862, guid: 13eea3e585fb1aa4f9940e44f7d10228,
        type: 3}
      propertyPath: m_LocalScale.x
      value: 0.2
      objectReference: {fileID: 0}
    - target: {fileID: -4216859302048453862, guid: 13eea3e585fb1aa4f9940e44f7d10228,
        type: 3}
      propertyPath: m_LocalScale.y
      value: 0.2
      objectReference: {fileID: 0}
    - target: {fileID: -4216859302048453862, guid: 13eea3e585fb1aa4f9940e44f7d10228,
        type: 3}
      propertyPath: m_LocalScale.z
      value: 0.2
      objectReference: {fileID: 0}
    m_RemovedComponents: []
  m_SourcePrefab: {fileID: 100100000, guid: 13eea3e585fb1aa4f9940e44f7d10228, type: 3}
--- !u!1 &7712918165361106717 stripped
GameObject:
  m_CorrespondingSourceObject: {fileID: -927199367670048503, guid: 13eea3e585fb1aa4f9940e44f7d10228,
    type: 3}
  m_PrefabInstance: {fileID: 1740684285277292052}
  m_PrefabAsset: {fileID: 0}
--- !u!4 &6724599835633609998 stripped
Transform:
  m_CorrespondingSourceObject: {fileID: -4216859302048453862, guid: 13eea3e585fb1aa4f9940e44f7d10228,
    type: 3}
  m_PrefabInstance: {fileID: 1740684285277292052}
  m_PrefabAsset: {fileID: 0}
